@article{dick1998mogac,
  author = {Dick, R. and Jha, N.},
  title = {MOGAC: A multiobjective genetic algorithm for hardware-software co-synthesis of distributed embedded systems},
  journal = {IEEE Transactions on Computer-Aided Design of Integrated Circuits and Systems},
  volume = {17},
  number = {10},
  pages = {920--935},
  year = {1998},
  month = {Oct}
}

@article{tomasulo1967efficient,
  author = {Tomasulo, R. M.},
  title = {An efficient algorithm for exploiting multiple arithmetic units},
  journal = {IBM Journal of Research and Development},
  volume = {11},
  number = {1},
  pages = {25--33},
  year = {1967},
  month = {Jan}
}

@book{silberschatz2018osc,
  author = {Silberschatz, A. and Galvin, P. B. and Gagne, G.},
  title = {Operating System Concepts},
  edition = {10th},
  publisher = {Wiley},
  year = {2018},
  address = {Hoboken, NJ, USA}
}

@article{aydin2004power,
  author = {Aydin, H. and Melhem, R. and Mosse, D. and Mejia-Alvarez, P.},
  title = {Power-aware scheduling for periodic real-time tasks},
  journal = {IEEE Transactions on Computers},
  volume = {53},
  number = {5},
  pages = {584--600},
  year = {2004},
  month = {May}
}

@book{hellerstein2004feedback,
  author = {Hellerstein, J. L. and Diao, Y. and Parekh, S. and Tilbury, D. M.},
  title = {Feedback Control of Computing Systems},
  publisher = {Wiley},
  year = {2004},
  address = {Hoboken, NJ, USA}
}
@inproceedings{Rettberg2006,
  author = {Achim Rettberg and Franz J. Rammig},
  title = {Integration of Energy Reduction into High-Level Synthesis by Partitioning},
  booktitle = {IFIP Working Conf. on Distributed and Parallel Embedded Systems (DIPES 2006)},
  volume = {225},
  series = {IFIP AICT},
  pages = {225--234},
  year = {2006},
  note = {Introduces the Power Scheduler approach. Describes using ASAP/ALAP scheduling and path analysis on a CDFG to form partitions for power gating.}
}

@book{Kaeslin2010,
  author = {Hubert Kaeslin},
  title = {Digital Integrated Circuit Design: From VLSI Architectures to CMOS Fabrication},
  publisher = {Cambridge University Press},
  year = {2010},
  note = {Provides foundational concepts on low-power VLSI and energy-efficient digital system design.}
}